
@online{memoria,
    author = "Enrico Sagnotti",
    title = "Organizar y agrupar: Decisiones en la memoria de los computadores y en la vida diaria",
    journal = "",
    volume = "",
    number = "",
    pages = "61",
    year = "2016",
    DOI = "http://www.fundacioniai.org/raccis/v6n2/n11a7.pdf",
    keywords = ""
}

@inbook{texto,
    author = "Augusto Salazar",
    title = "Nociones de la memoria del computador.",
    journal = "",
    volume = "",
    number = "",
    pages = "5",
    year = "2020",
    DOI = "",
    keywords = ""
}

@inbook{documento,
    author = "Augusto Salazar",
    title = "Nociones de la memoria del computador.",
    journal = "",
    volume = "",
    number = "",
    pages = "7",
    year = "2020",
    DOI = "",
    keywords = ""
}


@inbook{doc,
    author = "Augusto Salazar",
    title = "Nociones de la memoria del computador.",
    journal = "",
    volume = "",
    number = "",
    pages = "",
    year = "2020",
    DOI = "",
    keywords = ""
}

@inbook{img1,
    author = "",
    title = "Arquitectura de von Neumann.",
    journal = "",
    volume = "",
    number = "",
    pages = "",
    year = "",
    DOI = "file:///C:/Users/Gerencia/Desktop/Computadorasyeducacion-Unaintroduccionbreve.pdf",
    keywords = ""
}


@inbook{img2,
    author = "",
    title = "Memoria cache.",
    journal = "",
    volume = "",
    number = "",
    pages = "",
    year = "",
    DOI = "https://www.profesionalreview.com/2019/05/02/memoria-cache-l1-l2-y-l3/",
    keywords = ""
}

@inbook{img3,
    author = "",
    title = "Memoria RAM.",
    journal = "",
    volume = "",
    number = "",
    pages = "",
    year = "",
    DOI = "https://www.profesionalreview.com/2018/11/01/memoria-ram/"
}

@inbook{img4,
    author = "",
    title = "Memoria Virtual.",
    journal = "",
    volume = "",
    number = "",
    pages = "",
    year = "",
    DOI = "https://sites.google.com/site/softwarecomercialcor/memoria-virtual"
}

@inbook{img5,
    author = "",
    title = "Disco Duro",
    journal = "",
    volume = "",
    number = "",
    pages = "",
    year = "",
    DOI = "http://zaraitarangoperlaalanis.blogspot.com/2014/05/descripcion-esquema-del-disco-duro.html"
}

